=LDR  00694 as a22002415i 4500
=001  020058645
=003  Uk
=005  20210108153904.0
=006  m\\\\\|\\d\|\\\\\\
=007  cr\|||||||||||
=008  210108c\\\\9999\\\\\\p\o\\\\\0\\\a0eng\\
=FMT  \\$a  SE
=245  00$aThe Baltimore Afro-American, 1893-1988.
=264  \1$bProQuest.
=336  \\$atext$2rdacontent
=337  \\$acomputer$2rdamedia
=338  \\$aonline resource$2rdacarrier
=859  \\$aELD$bejournal
=852  41$aBritish Library$bHMNTS$je-media
=985  \\$aPurchased accessioning record awaiting upgrade
=CAT  \\$a10902$b40$c20210108$lBLL01$h1539
=STA  \\$aSUPPRESSED$bDatabase
=LAS  \\$a10902$b40$c20210108$lBLL01$h1539

