=LDR  00734 as a22002535i 4500
=001  019980673
=003  Uk
=005  20201016161550.0
=006  m\\\\\|\\d\|\\\\\\
=007  cr\|||||||||||
=008  201016c\\\\9999fr\\\\p\o\\\\\0\\\a0eng\\
=FMT  \\$a  SE
=245  00$aBabelScores Online Library.
=264  \1$bBabelscores.
=336  \\$atext$2rdacontent
=337  \\$acomputer$2rdamedia
=338  \\$aonline resource$2rdacarrier
=859  \\$aELD$bejournal
=852  41$aBritish Library$bHMNTS$je-media
=985  \\$aPurchased accessioning record awaiting upgrade
=CAT  \\$a10902$b40$c20201016$lBLL01$h1530
=CAT  \\$a10902$b40$c20201016$lBLL01$h1615
=STA  \\$aSUPPRESSED$bDatabase
=LAS  \\$a10902$b40$c20201016$lBLL01$h1615

