=LDR  00733nas a22002415i 4500
=001  020391488
=003  Uk
=005  20211116103438.0
=006  m\\\\\|\\d\|\\\\\\
=007  cr\|||||||||||
=008  211116c\\\\9999\\\\\\p\o\\\\\0\\\a0eng\\
=FMT  \\$a  SE
=245  00$aEstablishing the Post-War International Order, 1944-1961.
=264  \1$bMicroform Academic Publishers.
=336  \\$atext$2rdacontent
=337  \\$acomputer$2rdamedia
=338  \\$aonline resource$2rdacarrier
=859  \\$aELD$bejournal
=852  41$aBritish Library$bHMNTS$je-media
=985  \\$aPurchased accessioning record awaiting upgrade
=CAT  \\$a10902$b40$c20211116$lBLL01$h1034
=STA  \\$aSUPPRESSED$bDatabase
=LAS  \\$a10902$b40$c20211116$lBLL01$h1034

