=LDR  00731 as a22002537i 4500
=001  017784189
=003  Uk
=005  20160331141015.0
=006  m\\\\\|\\d\|\\\\\\
=007  cr\|||||||||||
=008  160331c\\\\9999\\\\\\p\o\\\\\0\\\a0eng\\
=FMT  \\$a  SE
=245  00$aNatural science collection.
=264  \1$bProQuest.
=336  \\$atext$2rdacontent
=337  \\$acomputer$2rdamedia
=338  \\$aonline resource$2rdacarrier
=859  \\$aELD$bejournal
=852  41$aBritish Library$bHMNTS$je-media
=985  \\$aELD accessioning record awaiting upgrade
=CAT  \\$a10902$b40$c20160331$lBLL01$h1410
=CAT  \\$aW1711-1005$c20171206$lBLL01$h1829
=STA  \\$aSUPPRESSED$bDatabase
=LAS  \\$aW1711-1005$b00$c20171206$lBLL01$h1829

