=LDR  00755 as a22002537i 4500
=001  016613985
=003  Uk
=005  20140130155929.0
=006  m\\\\\|\\d\|\\\\\\
=007  cr\|||||||||||
=008  140130c\\\\9999\\\\\\p\o\\\\\0\\\a0eng\\
=FMT  \\$a  SE
=245  00$aStalin digital archive.
=264  \1$bEast View Information Services.
=336  \\$atext$2rdacontent
=337  \\$acomputer$2rdamedia
=338  \\$aonline resource$2rdacarrier
=859  \\$aELD$bejournal
=852  41$aBritish Library$bHMNTS$je-media
=985  \\$aPurchased accessioning record awaiting upgrade
=CAT  \\$a10902$b40$c20140130$lBLL01$h1559
=CAT  \\$aW1711-1005$c20171206$lBLL01$h1826
=STA  \\$aSUPPRESSED$bDatabase
=LAS  \\$aW1711-1005$b00$c20171206$lBLL01$h1826

